<record><leader>00000cas a22000007a 4500</leader><controlfield tag="001">12292672</controlfield><controlfield tag="008">850723c19689999idudn ne      0    0eng d</controlfield><datafield ind1=" " ind2=" " tag="010"><subfield code="a">sn 85058163 </subfield></datafield><datafield ind1=" " ind2=" " tag="040"><subfield code="a">UNP</subfield><subfield code="b">eng</subfield><subfield code="c">UNP</subfield><subfield code="d">NVB</subfield><subfield code="d">OCLCQ</subfield><subfield code="d">OCLCF</subfield><subfield code="d">OCLCO</subfield></datafield><datafield ind1=" " ind2=" " tag="037"><subfield code="b">230 East Main, P.O. Box 190, Burley, ID 83318</subfield></datafield><datafield ind1=" " ind2=" " tag="042"><subfield code="a">msc</subfield></datafield><datafield ind1=" " ind2=" " tag="043"><subfield code="a">n-us-id</subfield></datafield><datafield ind1="0" ind2="0" tag="245"><subfield code="a">South Idaho press.</subfield></datafield><datafield ind1="1" ind2="3" tag="246"><subfield code="a">SIP</subfield></datafield><datafield ind1=" " ind2=" " tag="260"><subfield code="a">Burley, Idaho :</subfield><subfield code="b">Hollinger Newspapers</subfield></datafield><datafield ind1=" " ind2=" " tag="300"><subfield code="a">v. :</subfield><subfield code="b">ill. ;</subfield><subfield code="c">58 cm.</subfield></datafield><datafield ind1=" " ind2=" " tag="310"><subfield code="a">Daily (except Sat. &amp; Sun.)</subfield></datafield><datafield ind1="0" ind2=" " tag="362"><subfield code="a">Vol. 64, no. 1 (Apr. 1, 1968)-</subfield></datafield><datafield ind1=" " ind2="0" tag="651"><subfield code="a">Burley (Idaho)</subfield><subfield code="v">Newspapers.</subfield></datafield><datafield ind1=" " ind2="7" tag="655"><subfield code="a">Newspapers.</subfield><subfield code="2">fast</subfield><subfield code="0">(OCoLC)fst01423814</subfield></datafield><datafield ind1=" " ind2="7" tag="651"><subfield code="a">Idaho</subfield><subfield code="z">Burley.</subfield><subfield code="2">fast</subfield><subfield code="0">(OCoLC)fst01220489</subfield></datafield><datafield ind1=" " ind2=" " tag="752"><subfield code="a">United States</subfield><subfield code="b">Idaho</subfield><subfield code="c">Cassia</subfield><subfield code="d">Burley.</subfield></datafield><datafield ind1="0" ind2="4" tag="780"><subfield code="t">Reminder morning news</subfield></datafield><datafield ind1="0" ind2="4" tag="780"><subfield code="t">World (Burley, Idaho)</subfield><subfield code="w">(DLC)sn 88056130</subfield></datafield></record>